<?xml version="1.0" encoding="UTF-8"?>
<collection xmlns:xsi="http://www.w3.org/2001/XMLSchema-instance" xsi:schemaLocation="http://www.loc.gov/MARC21/slim http://www.loc.gov/standards/marcxml/schema/MARC21slim.xsd" xmlns="http://www.loc.gov/MARC21/slim">
<record>
  <leader>00697cam a2200217Ma 4500</leader>
  <controlfield tag="001">5241645</controlfield>
  <controlfield tag="003">NNC</controlfield>
  <controlfield tag="005">20151221160828.0</controlfield>
  <controlfield tag="008">850402m19569999ir            000 0 arard</controlfield>
  <datafield tag="035" ind1=" " ind2=" ">
    <subfield code="a">(OCoLC)ocm23503779</subfield>
  </datafield>
  <datafield tag="035" ind1=" " ind2=" ">
    <subfield code="a">(NNC)5241645</subfield>
  </datafield>
  <datafield tag="040" ind1=" " ind2=" ">
    <subfield code="a">EYM</subfield>
    <subfield code="c">EYM</subfield>
    <subfield code="d">OCLCQ</subfield>
    <subfield code="d">ZCU</subfield>
  </datafield>
  <datafield tag="050" ind1=" " ind2="4">
    <subfield code="a">PJ7601</subfield>
    <subfield code="b">.M95</subfield>
  </datafield>
  <datafield tag="099" ind1=" " ind2=" ">
    <subfield code="a">892.88</subfield>
    <subfield code="a">T23 no.340</subfield>
  </datafield>
  <datafield tag="100" ind1="1" ind2=" ">
    <subfield code="a">Muḥammadī, Muḥammad.</subfield>
  </datafield>
  <datafield tag="245" ind1="1" ind2="0">
    <subfield code="a">Durūs fī ādāb al-lughah al-ʻArabīyah wa-tārīkhihā /</subfield>
    <subfield code="c">[taʾlīf] Muḥammad Muḥammadī.</subfield>
  </datafield>
  <datafield tag="260" ind1=" " ind2=" ">
    <subfield code="a">Ṭahrān :</subfield>
    <subfield code="b">Maṭbaʻat al-Jāmiʻah,</subfield>
    <subfield code="c">[1956-</subfield>
  </datafield>
  <datafield tag="300" ind1=" " ind2=" ">
    <subfield code="a">v. ;</subfield>
    <subfield code="c">25 cm.</subfield>
  </datafield>
  <datafield tag="490" ind1="1" ind2=" ">
    <subfield code="a">Intishārāt Dānishkāh Ṭahrān ;</subfield>
    <subfield code="v">340</subfield>
  </datafield>
  <datafield tag="650" ind1=" " ind2="0">
    <subfield code="a">Arabic literature.</subfield>
  </datafield>
  <datafield tag="955" ind1=" " ind2=" ">
    <subfield code="b">0051710951</subfield>
    <subfield code="d">glx</subfield>
    <subfield code="e">892.88 T23 no.340</subfield>
  </datafield>
</record>
</collection>